@article{wu2016measuring,
  title={Measuring the macroeconomic impact of monetary policy at the zero lower bound},
  author={Wu, Jing Cynthia and Xia, Fan Dora},
  journal={Journal of Money, Credit and Banking},
  volume={48},
  number={2-3},
  pages={253--291},
  year={2016},
  publisher={Wiley Online Library}
}

@article{hansen1999testing,
  title={Testing for linearity},
  author={Hansen, Bruce},
  journal={Journal of economic surveys},
  volume={13},
  number={5},
  pages={551--576},
  year={1999},
  publisher={Wiley Online Library}
}

@article{caner2001threshold,
  title={Threshold autoregression with a unit root},
  author={Caner, Mehmet and Hansen, Bruce E},
  journal={Econometrica},
  volume={69},
  number={6},
  pages={1555--1596},
  year={2001},
  publisher={Wiley Online Library}
}

@article{hansen2000sample,
  title={Sample splitting and threshold estimation},
  author={Hansen, Bruce E},
  journal={Econometrica},
  volume={68},
  number={3},
  pages={575--603},
  year={2000},
  publisher={Wiley Online Library}
}

@article{hansen2002testing,
  title={Testing for two-regime threshold cointegration in vector error-correction models},
  author={Hansen, Bruce E and Seo, Byeongseon},
  journal={Journal of econometrics},
  volume={110},
  number={2},
  pages={293--318},
  year={2002},
  publisher={Elsevier}
}


@article{lo2001threshold,
  title={Threshold cointegration and nonlinear adjustment to the law of one price},
  author={Lo, Ming Chien and Zivot, Eric},
  journal={Macroeconomic Dynamics},
  volume={5},
  number={4},
  pages={533--576},
  year={2001},
  publisher={Cambridge University Press}
}

@article{hansen2011threshold,
  title={Threshold autoregression in economics},
  author={Hansen, Bruce E},
  journal={Statistics and its Interface},
  volume={4},
  number={2},
  pages={123--127},
  year={2011},
  publisher={Citeseer}
}

@article{koop1996impulse,
  title={Impulse response analysis in nonlinear multivariate models},
  author={Koop, Gary and Pesaran, M Hashem and Potter, Simon M},
  journal={Journal of econometrics},
  volume={74},
  number={1},
  pages={119--147},
  year={1996},
  publisher={Elsevier}
}

@article{andreasen2021does,
  title={Why does risk matter more in recessions than in expansions?},
  author={Andreasen, Martin M and Caggiano, Giovanni and Castelnuovo, Efrem and Pellegrino, Giovanni},
  year={2021},
  publisher={CAMA Working Paper}
}


@article{bai2002determining,
  title={Determining the number of factors in approximate factor models},
  author={Bai, Jushan and Ng, Serena},
  journal={Econometrica},
  volume={70},
  number={1},
  pages={191--221},
  year={2002},
  publisher={Wiley Online Library}
}

@book{european2008handbook,
  title={Handbook on constructing composite indicators: Methodology and user guide},
  author={European Union and Joint Research Centre},
  year={2008},
  publisher={OECD publishing}
}

@article{stock1989new,
  title={New indexes of coincident and leading economic indicators},
  author={Stock, James H and Watson, Mark W},
  journal={NBER macroeconomics annual},
  volume={4},
  pages={351--394},
  year={1989},
  publisher={MIT press}
}

@article{koop2014new,
  title={A new index of financial conditions},
  author={Koop, Gary and Korobilis, Dimitris},
  journal={European Economic Review},
  volume={71},
  pages={101--116},
  year={2014},
  publisher={Elsevier}
}

@techreport{hatzius2010financial,
  title={Financial conditions indexes: A fresh look after the financial crisis},
  author={Hatzius, Jan and Hooper, Peter and Mishkin, Frederic S and Schoenholtz, Kermit L and Watson, Mark W},
  year={2010},
  institution={National Bureau of Economic Research}
}

@article{estrella1998predicting,
  title={Predicting US recessions: Financial variables as leading indicators},
  author={Estrella, Arturo and Mishkin, Frederic S},
  journal={Review of Economics and Statistics},
  volume={80},
  number={1},
  pages={45--61},
  year={1998},
  publisher={MIT Press 238 Main St., Suite 500, Cambridge, MA 02142-1046, USA journals~…}
}


@article{afonso2018fiscal,
  title={Fiscal developments and financial stress: a threshold VAR analysis},
  author={Afonso, Antonio and Baxa, Jaromir and Slav{\'\i}k, Michal},
  journal={Empirical Economics},
  volume={54},
  pages={395--423},
  year={2018},
  publisher={Springer}
}

@article{schuler2014asymmetric,
  title={Asymmetric effects of uncertainty over the business cycle: A quantile structural vector autoregressive approach},
  author={Sch{\"u}ler, Yves S},
  year={2014}
}

@article{ferraresi2015fiscal,
  title={Fiscal policies and credit regimes: a TVAR approach},
  author={Ferraresi, Tommaso and Roventini, Andrea and Fagiolo, Giorgio},
  journal={Journal of Applied Econometrics},
  volume={30},
  number={7},
  pages={1047--1072},
  year={2015},
  publisher={Wiley Online Library}
}

@article{lhuissier2016uncertainty,
  title={Do uncertainty shocks always matter for business cycles},
  author={Lhuissier, Stephane and Tripier, Fabien and others},
  journal={Centre d’Etudes Prospectives et d’Informations Internationales research center},
  year={2016}
}

@article{chiu2016macroeconomic,
  title={Macroeconomic tail events with non-linear Bayesian VARs},
  author={Chiu, Ching-Wai Jeremy and Hacioglu Hoke, Sinem},
  year={2016},
  publisher={Bank of England Working Paper}
}

@article{kole2023moments,
  title={Moments, shocks and spillovers in Markov-switching VAR models},
  author={Kole, Erik and van Dijk, Dick},
  journal={Journal of Econometrics},
  volume={236},
  number={2},
  pages={105474},
  year={2023},
  publisher={Elsevier}
}

@article{mittnik2018overleveraging,
  title={Overleveraging, financial fragility, and the banking--macro link: Theory and empirical evidence},
  author={Mittnik, Stefan and Semmler, Willi},
  journal={Macroeconomic Dynamics},
  volume={22},
  number={1},
  pages={4--32},
  year={2018},
  publisher={Cambridge University Press}
}

@article{bernanke1998measuring,
  title={Measuring monetary policy},
  author={Bernanke, Ben S and Mihov, Ilian},
  journal={The quarterly journal of economics},
  volume={113},
  number={3},
  pages={869--902},
  year={1998},
  publisher={MIT Press}
}


@article{alessandri2019financial,
  title={Financial regimes and uncertainty shocks},
  author={Alessandri, Piergiorgio and Mumtaz, Haroon},
  journal={Journal of Monetary Economics},
  volume={101},
  pages={31--46},
  year={2019},
  publisher={Elsevier}
}

@article{butters2025diagnosing,
  title={Diagnosing the financial system: financial conditions and financial stress},
  author={Butters, R Andrew and Brave, Scott A},
  journal={29th issue (June 2012) of the International Journal of Central Banking},
  year={2025}
}

@article{auerbach2012measuring,
  title={Measuring the output responses to fiscal policy},
  author={Auerbach, Alan J and Gorodnichenko, Yuriy},
  journal={American Economic Journal: Economic Policy},
  volume={4},
  number={2},
  pages={1--27},
  year={2012},
  publisher={American Economic Association}
}

@article{borio2009assessing,
  title={Assessing the risk of banking crises--revisited},
  author={Borio, Claudio EV and Drehmann, Mathias},
  journal={BIS Quarterly Review, March},
  year={2009}
}

@article{drehmann2014evaluating,
  title={Evaluating early warning indicators of banking crises: Satisfying policy requirements},
  author={Drehmann, Mathias and Juselius, Mikael},
  journal={International Journal of Forecasting},
  volume={30},
  number={3},
  pages={759--780},
  year={2014},
  publisher={Elsevier}
}


@article{case2003there,
  title={Is there a bubble in the housing market?},
  author={Case, Karl E and Shiller, Robert J},
  journal={Brookings papers on economic activity},
  volume={2003},
  number={2},
  pages={299--362},
  year={2003},
  publisher={Johns Hopkins University Press}
}r={American Economic Association}
}

@article{kydland2016housing,
  title={Housing dynamics over the business cycle},
  author={Kydland, Finn E and Rupert, Peter and {\v{S}}ustek, Roman},
  journal={International Economic Review},
  volume={57},
  number={4},
  pages={1149--1177},
  year={2016},
  publisher={Wiley Online Library}
}

@article{adelino2018role,
  title={The role of housing and mortgage markets in the financial crisis},
  author={Adelino, Manuel and Schoar, Antoinette and Severino, Felipe},
  journal={Annual Review of Financial Economics},
  volume={10},
  number={1},
  pages={25--41},
  year={2018},
  publisher={Annual Reviews}
}

@article{duca2021drives,
  title={What drives house price cycles? International experience and policy issues},
  author={Duca, John V and Muellbauer, John and Murphy, Anthony},
  journal={Journal of Economic Literature},
  volume={59},
  number={3},
  pages={773--864},
  year={2021},
  publisher={American Economic Association 2014 Broadway, Suite 305, Nashville, TN 37203-2425}
}



@article{schmidt2020risk,
  title={Risk, asset pricing and monetary policy transmission in Europe: Evidence from a threshold-VAR approach},
  author={Schmidt, J{\"o}rg},
  journal={Journal of International Money and Finance},
  volume={109},
  pages={102235},
  year={2020},
  publisher={Elsevier}
}

@article{fry2016effects,
  title={Effects of the US monetary policy shocks during financial crises--a threshold vector autoregression approach},
  author={Fry-Mckibbin, Ren{\'e}e and Zheng, Jasmine},
  journal={Applied Economics},
  volume={48},
  number={59},
  pages={5802--5823},
  year={2016},
  publisher={Taylor \& Francis}
}

@techreport{li2010financial,
  title={Financial Stress, Monetary Policy, and Economic Activity. Bank of Canada},
  author={Li, F and St-Amant, P},
  year={2010},
  institution={Working Paper. Go to original source}
}

@article{iacoviello2005house,
  title={House prices, borrowing constraints, and monetary policy in the business cycle},
  author={Iacoviello, Matteo},
  journal={American economic review},
  volume={95},
  number={3},
  pages={739--764},
  year={2005},
  publisher={American Economic Association}
}

@article{iacoviello2008credit,
  title={The credit channel of monetary policy: Evidence from the housing market},
  author={Iacoviello, Matteo and Minetti, Raoul},
  journal={Journal of Macroeconomics},
  volume={30},
  number={1},
  pages={69--96},
  year={2008},
  publisher={Elsevier}
}

@article{bernanke1999financial,
  title={The financial accelerator in a quantitative business cycle framework},
  author={Bernanke, Ben S and Gertler, Mark and Gilchrist, Simon},
  journal={Handbook of macroeconomics},
  volume={1},
  pages={1341--1393},
  year={1999},
  publisher={Elsevier}
}

@article{mian2011house,
  title={House prices, home equity--based borrowing, and the us household leverage crisis},
  author={Mian, Atif and Sufi, Amir},
  journal={American Economic Review},
  volume={101},
  number={5},
  pages={2132--2156},
  year={2011},
  publisher={American Economic Association}
}

@article{bernanke2005measuring,
  title={Measuring the effects of monetary policy: a factor-augmented vector autoregressive (FAVAR) approach},
  author={Bernanke, Ben S and Boivin, Jean and Eliasz, Piotr},
  journal={The Quarterly journal of economics},
  volume={120},
  number={1},
  pages={387--422},
  year={2005},
  publisher={MIT Press}
}

@article{arias2018inference,
  title={Inference based on structural vector autoregressions identified with sign and zero restrictions: Theory and applications},
  author={Arias, Jonas E and Rubio-Ram{\'\i}rez, Juan F and Waggoner, Daniel F},
  journal={Econometrica},
  volume={86},
  number={2},
  pages={685--720},
  year={2018},
  publisher={Wiley Online Library}
}


@article{vinod2006maximum,
  title={Maximum entropy ensembles for time series inference in economics},
  author={Vinod, Hrishikesh D},
  journal={Journal of Asian Economics},
  volume={17},
  number={6},
  pages={955--978},
  year={2006},
  publisher={Elsevier}
}

@article{bernanke1999financial,
  title={The financial accelerator in a quantitative business cycle framework},
  author={Bernanke, Ben S and Gertler, Mark and Gilchrist, Simon},
  journal={Handbook of macroeconomics},
  volume={1},
  pages={1341--1393},
  year={1999},
  publisher={Elsevier}
}


@article{adrian2018monetary,
  title={Monetary policy, financial conditions, and financial stability},
  author={Adrian, Tobias and Liang, Nellie},
  journal={52nd issue (January 2018) of the International Journal of Central Banking},
  year={2018}
}


@techreport{kiley2024central,
  title={Central banking post crises},
  author={Kiley, Michael and Mishkin, Frederic S},
  year={2024},
  institution={National Bureau of Economic Research}
}
